<record><leader>00000cas a2200000 a 4500</leader><controlfield tag="001">24648823</controlfield><controlfield tag="008">911030d19091910mauwr ne      0    0alb c</controlfield><datafield ind1=" " ind2=" " tag="010"><subfield code="a">sn 91057152 </subfield></datafield><datafield ind1=" " ind2=" " tag="040"><subfield code="a">MGN</subfield><subfield code="b">eng</subfield><subfield code="c">MGN</subfield><subfield code="d">DLC</subfield><subfield code="d">UKMGB</subfield><subfield code="d">OCLCQ</subfield><subfield code="d">OCLCF</subfield><subfield code="d">OCLCO</subfield><subfield code="d">OCLCQ</subfield></datafield><datafield ind1="7" ind2=" " tag="016"><subfield code="a">013934232</subfield><subfield code="2">Uk</subfield></datafield><datafield ind1="0" ind2=" " tag="041"><subfield code="a">alb</subfield><subfield code="a">eng</subfield></datafield><datafield ind1=" " ind2=" " tag="042"><subfield code="a">pcc</subfield></datafield><datafield ind1=" " ind2=" " tag="043"><subfield code="a">n-us-ma</subfield></datafield><datafield ind1="0" ind2="0" tag="050"><subfield code="a">Newspaper</subfield></datafield><datafield ind1="0" ind2=" " tag="130"><subfield code="a">Dielli (Boston, Mass. : 1909)</subfield></datafield><datafield ind1="1" ind2="0" tag="245"><subfield code="a">Dielli =</subfield><subfield code="b">Sun.</subfield></datafield><datafield ind1="3" ind2="1" tag="246"><subfield code="a">Sun</subfield></datafield><datafield ind1=" " ind2=" " tag="260"><subfield code="a">Boston, Mass. :</subfield><subfield code="b">Albanian Society &quot;Be&#769;sa-Besen&quot;</subfield></datafield><datafield ind1=" " ind2=" " tag="300"><subfield code="a">volumes</subfield></datafield><datafield ind1=" " ind2=" " tag="310"><subfield code="a">Weekly</subfield></datafield><datafield ind1=" " ind2=" " tag="336"><subfield code="a">text</subfield><subfield code="b">txt</subfield><subfield code="2">rdacontent</subfield></datafield><datafield ind1=" " ind2=" " tag="337"><subfield code="a">unmediated</subfield><subfield code="b">n</subfield><subfield code="2">rdamedia</subfield></datafield><datafield ind1=" " ind2=" " tag="338"><subfield code="a">volume</subfield><subfield code="b">nc</subfield><subfield code="2">rdacarrier</subfield></datafield><datafield ind1="0" ind2=" " tag="362"><subfield code="a">Vol. 1, no. 1 (Feb. 15, 1909)-v. 2, no. 61 (May 27, 1910).</subfield></datafield><datafield ind1=" " ind2=" " tag="530"><subfield code="a">Available on microfilm from the Library of Congress Photoduplication Service, and the New York Public Library.</subfield></datafield><datafield ind1=" " ind2=" " tag="546"><subfield code="a">In Albanian and English.</subfield></datafield><datafield ind1=" " ind2="0" tag="650"><subfield code="a">Albanians</subfield><subfield code="z">United States</subfield><subfield code="v">Newspapers.</subfield></datafield><datafield ind1=" " ind2="0" tag="651"><subfield code="a">Boston (Mass.)</subfield><subfield code="v">Newspapers.</subfield></datafield><datafield ind1=" " ind2="7" tag="650"><subfield code="a">Albanians.</subfield><subfield code="2">fast</subfield><subfield code="0">(OCoLC)fst00804157</subfield></datafield><datafield ind1=" " ind2="7" tag="651"><subfield code="a">Massachusetts</subfield><subfield code="z">Boston.</subfield><subfield code="2">fast</subfield><subfield code="0">(OCoLC)fst01205012</subfield></datafield><datafield ind1=" " ind2="7" tag="651"><subfield code="a">United States.</subfield><subfield code="2">fast</subfield><subfield code="0">(OCoLC)fst01204155</subfield></datafield><datafield ind1=" " ind2="7" tag="655"><subfield code="a">Newspapers.</subfield><subfield code="2">fast</subfield><subfield code="0">(OCoLC)fst01423814</subfield></datafield><datafield ind1=" " ind2=" " tag="752"><subfield code="a">United States</subfield><subfield code="b">Massachusetts</subfield><subfield code="c">Suffolk</subfield><subfield code="d">Boston.</subfield></datafield><datafield ind1="0" ind2="0" tag="780"><subfield code="t">Kombi</subfield><subfield code="w">(DLC)sn 85042511</subfield></datafield><datafield ind1="0" ind2="0" tag="785"><subfield code="t">Dielli e flamuri</subfield><subfield code="w">(DLC)sn 91057153</subfield></datafield><datafield ind1="1" ind2=" " tag="029"><subfield code="a">AU@</subfield><subfield code="b">000020687309</subfield></datafield></record>